2392 4209
244 474 288 561 36
415 433 425 469 Ι
481 460 626 556 Historia
640 486 806 535 numanam

249 623 357 727 plere,
383 640 477 723 atque
501 626 598 691 etiam
615 644 668 691 aes
686 617 828 689 alienum
844 621 880 687 in
894 618 1059 688 Turcica'

214 740 216 744 ’
244 727 322 807 aula
336 724 536 800 comiadum
551 717 674 792 soluere
697 715 804 818 poss'et.
855 718 934 790 lude
962 744 1052 790 con·

204 884 210 900 s
248 830 328 903 siliis
358 830 495 925 Georgii
522 826 658 895 Henrici
683 826 817 920 'baronia
841 817 884 892 de
916 824 1050 892 Goertz

246 957 280 1003 a.
297 953 372 1023 1715.
403 952 537 999 omnem
565 950 635 995 rem
658 928 871 994 monetariam
893 928 1051 1006 mutauit,

254 1052 347 1130 atque
364 1032 427 1101 boc
437 1024 555 1112 mod0,
574 1044 726 1125 quantum
736 1018 939 1123 pebuniaead
955 1024 1049 1093 belia

254 1130 393 1234 gerenda
402 1126 469 1201 satis
479 1123 755 1225 effet‚comparare
766 1125 889 1199 studuit.
941 1124 1052 1228 Qod

253 1255 288 1327 vt
313 1261 354 1307 eo
379 1231 493 1304 melius
517 1228 732 1331 intelligatur,
749 1228 861 1327 'paucis
880 1232 1047 1299 rationem
1117 1265 1118 1270 κ

230 1326 403 1408 'suecicae
430 1330 576 1405 monetae
603 1329 837 1427 explicabimus.
899 1328 980 1399 Sunt
1007 1334 1046 1397 in
1104 1394 1118 1420 -.

248 1438 366 1511 'Suecia
386 1436 517 1535 triplicis
540 1438 666 1533 generis
685 1430 815 1502 thaleri:
840 1426 955 1501 thaleri
977 1434 1045 1499 im-

248 1536 407 1640 periales,
433 1535 545 1607 thaleri
564 1536 722 1632 argentei,
743 1553 774 1603 et
788 1535 894 1631 cuprei
912 1530 1043 1602 thaleri.

149 1673 152 1679 ·
256 1639 316 1733 lile
331 1636 507 1736 imperialis
529 1653 694 1733 argenteos
716 1630 801 1720 duo,
826 1633 889 1705 siue
910 1628 964 1707 sex
986 1661 1044 1704 cu·

254 1765 349 1839 preos
368 1737 468 1809 valet:
495 1755 659 1836 argenteus
686 1730 861 1805 dimidium
887 1736 1043 1833 Imperia·

248 1842 340 1926 ¹lem,
362 1838 425 1911 siue
449 1858 509 1909 tres
533 1860 664 1935 cupreos
683 1856 813 1936 aequatt
838 1851 971 1935 cupreus
994 1837 1041 1907 est

251 1947 355 2042 igitur
368 1936 450 2011 sexta
466 1936 645 2037 imperialis
658 1955 690 2007 et
706 1943 796 2009 tertia
807 1943 946 2038 argentei
957 1963 1039 2036 pam

253 2047 408 2123 Laminae
422 2052 559 2141 'cupreae
575 2038 657 2115 olim
674 2043 708 2108 in
723 2034 778 2111 vsu
795 2035 921 2111 fuerant
939 2047 1039 2110 maxi·
1116 2099 1117 2106 ,

247 2140 345 2235 amo}
370 2138 511 2245 quarum
543 2168 624 2243 quaa
648 2136 709 2211 'sex
748 2139 843 2212 libras
880 2146 1038 2241 aequauit,
1116 2133 1117 2174 b

253 2274 356 2319 vnum
378 2244 583 2346 Imperialem
599 2241 711 2313 valuit,
753 2240 816 2313 sed
833 2242 924 2314 valor
937 2265 1039 2314 muta·

253 2368 304 2420 tus
327 2346 379 2421 est.
429 2353 562 2421 Lamina
585 2341 744 2417 eiusmodi
767 2362 913 2443 tempore
928 2345 1038 2417 Caroli

235 2450 308 2523 'XL
328 2476 353 2521 a.
371 2456 453 2535 1683.
472 2468 579 2521 notata
594 2448 714 2519 verbis:
738 2471 757 2517 2
780 2450 878 2519 Dalcr
896 2445 1038 2540 Silsber·

251 2546 355 2644 'mijnt
369 2558 509 2650 quinque
525 2548 619 2619 libras
631 2567 762 2647 aequat:
812 2575 931 2648 uaeque
945 2554 1037 2620 vuius
1116 2579 1117 2590 ¹

254 2658 396 2752 argentei
418 2652 531 2723 notam
555 2676 581 2721 a.
608 2654 695 2728 1682.
718 2573 874 2747 praedest,
905 2647 980 2721 duas
1004 2668 1037 2721 et

253 2746 413 2826 semiffem
430 2752 544 2824 libram
572 2769 692 2850 aequat.
737 2752 832 2822 Tum
847 2748 949 2824 editae
966 2746 1036 2822 sunt

253 2852 392 2927 laminae
424 2849 584 2927 eiusmodi
614 2878 632 2923 a
663 2849 784 2924 carolo
806 2858 877 2925 XII.
909 2876 1036 2944 ⁰·1715·

253 2952 408 3029 dimidiae
448 2974 570 3028 tantum
607 2952 707 3025 librae
745 2954 871 3052 pondus
912 2950 1035 3027 seman-

253 3077 308 3131 tes.
359 3054 520 3130 Tandem·
537 3082 586 3129 res
609 3082 650 3127 eo
668 3062 833 3155 peruenit,
856 3076 890 3128 vt
910 3054 1035 3128 numuii

253 3164 439 3234 Goemiani
465 3156 647 3258 prodirent,
678 3182 817 3255 quorum
841 3171 919 3232 cbm
942 3163 1035 3227 inter-

253 3286 313 3335 nus
337 3260 428 3351 valor
450 3254 524 3333 effet
545 3266 642 3332 trium
658 3254 911 3361 Psennigormn,
937 3278 1035 3331 exter·

251 3386 314 3439 uua
325 3390 383 3464 pat
396 3356 459 3438 effe
479 3360 614 3437 debebat
636 3381 789 3463 argenteo
805 3362 945 3438 thalero:
970 3356 1036 3535 bine

596 3526 603 3541 ,
796 3510 799 3515 -
894 3462 977 3537 dimi
999 3466 1033 3533 io
