2392 4209
260 458 306 531 aa
495 436 638 527 Historia
649 436 822 510 mentorum

312 600 493 669 Accnratius
511 591 693 691 complures
710 586 849 676 recenset
865 590 1050 665 Krrndman·

265 724 341 785 nus,
367 724 462 797 quem
487 690 574 767 adire
595 695 758 780 iubemus,
779 700 838 793 ‚qni
857 690 1050 794 cognoscere

265 800 420 884 voluerit,
447 820 526 895 quor
548 801 679 895 qnisqne
701 799 832 869 Ducum
846 795 974 870 Silesrae
993 824 1051 870 nu·

148 981 150 987 ,
265 928 337 975 mos
355 927 395 973 eo
412 919 557 1000 tempore
572 896 712 970 ruderit

589 1166 590 1171 ’
623 1156 695 1223 VII.

242 1348 243 1352 =
315 1308 487 1378 Germania
508 1301 611 1375 nostra
629 1298 808 1399 „saepiffime
836 1302 917 1375 illud
946 1293 1047 1377 fatum
1112 1343 1113 1402 3

263 1410 429 1506 expertum
444 1404 506 1491 eti,
530 1424 562 1476 vt
582 1411 690 1477 numia
708 1402 845 1503 peffnnir
859 1406 1047 1478 obrueretur

264 1504 351 1593 fere,
381 1504 606 1605 summumque
633 1506 858 1579 detrimentum
879 1512 1044 1605 acciperet.

195 1610 199 1627 '
261 1613 328 1681 ,vix
351 1614 438 1681 enim
460 1607 555 1679 vllam
574 1607 669 1678 aliam
689 1614 857 1708 regionem
880 1608 979 1681 credo
998 1626 1046 1681 tot

154 1742 157 1749 ’
262 1730 461 1808 corruptores
492 1702 705 1781 fraudulentos
728 1729 877 1783 monetae
898 1728 931 1785 et
956 1706 1047 1781 adul·

261 1814 414 1883 teratores
438 1804 558 1901 tulisse,
583 1831 660 1909 quot
674 1816 878 1883 Germaniam
902 1804 1044 1887 habuisse
1112 1857 1113 1904 ;

262 1910 389 1982 constat.
440 1909 501 1983 Sed
523 1916 558 1983 hi
582 1910 782 2011 relinquendi
806 1908 877 1985 sunt
901 1918 1044 2011 ignomi-

256 2018 335 2087 niae
358 2030 518 2099 aeternae,
547 2041 608 2115 qna
634 2009 766 2085 illorum
790 2021 923 2089 nomina
938 2034 1043 2086 notata
1112 2043 1113 2072 r

259 2109 338 2189 sunt.
388 2113 580 2188 Necesfitatis
597 2120 675 2186 vero
683 2121 789 2187 numis
803 2110 986 2187 accensendi
996 2122 1045 2187 vi·

260 2214 376 2290 dentur
389 2217 453 2301 illi,
481 2223 536 2318 qni
552 2222 646 2289 initio
660 2216 735 2288 belli
751 2216 954 2304 trecennatis,
976 2214 1043 2291 srue

259 2344 287 2391 a.
303 2326 379 2390 1621.
403 2343 447 2392 22.
471 2342 501 2391 er
523 2342 567 2407 23.
593 2320 631 2389 ab
651 2317 866 2405 erroribus,
888 2322 1042 2418 Principi-

141 2459 145 2467 ·
256 2421 333 2508 bus,
358 2422 545 2519 vrbiburque
562 2424 753 2491 Germaniae
770 2418 834 2491 cufi
849 2416 925 2492 sunt.
964 2418 1042 2493 'Sed

253 2517 370 2594 seriem
388 2521 518 2594 illorum
534 2545 564 2594 er
581 2520 720 2593 indicem
736 2524 827 2593 nobie
837 2546 921 2593 nnnc
933 2540 1040 2595 texere

253 2648 325 2694 non
341 2622 431 2694 licet:
452 2648 526 2695 curn
544 2649 613 2695 non
625 2617 697 2695 satie
711 2621 852 2697 instruGi
864 2619 970 2698 -firnus
984 2652 1041 2697 eo·

252 2748 330 2797 rum
345 2719 482 2799 scientia.

297 2930 362 2999 His
378 2944 483 2998 autem
499 2922 661 3000 addendus
680 2928 724 3001 est
741 2928 962 3002 memorabilis
977 2956 1041 3004 nu·

251 3056 341 3115 rnus,
369 3034 424 3129 qni
441 3053 559 3099 numos
576 3026 759 3103 ne'ceffitnis
783 3037 938 3102 enarranti
965 3058 1039 3105 non

250 3127 496 3230 praetereundus
507 3124 569 3202 effe
581 3129 713 3204 ridetur.
737 3146 740 3150 ’
766 3135 899 3233 Loquor
912 3130 953 3205 de
963 3160 1039 3205 mo·

245 3252 340 3329 neta,
361 3259 378 3304 a
396 3232 504 3317 iulio,
525 3234 616 3314 Duce
635 3227 866 3321 Brnnsuicenfi‚
888 3228 978 3321 cusa,
1003 3238 1047 3307 et*

248 3333 403 3435 appellata
412 3334 652 3433 Iulius-Low,
666 3333 706 3409 de
713 3362 785 3436 qua,
801 3338 1036 3439 quae'l'entze·

791 3487 811 3504 «.
957 3435 1033 3524 line,
